@Manual{R,
    title = {R: A Language and Environment for Statistical Computing},
    author = {{R Core Team}},
    organization = {R Foundation for Statistical Computing},
    address = {Vienna, Austria},
    year = {2016},
    url = {https://www.R-project.org/},
  }

@Manual{aust2015papaja,
  author = {Frederik Aust and Marius Barth},
  title = {papaja: Create APA manuscripts with RMarkdown},
  year = {2015},
  note = {R package version 0.1.0.9054},
  url = {https://github.com/crsh/papaja},
}

@article{abedi2001language,
  title={The language factor in mathematics tests},
  author={Abedi, Jamal and Lord, Carol},
  journal={Applied Measurement in Education},
  volume={14},
  number={3},
  pages={219--234},
  year={2001},
  publisher={Taylor \& Francis}
}

@article{collier1992synthesis,
  title={A synthesis of studies examining long-term language minority student data on academic achievement},
  author={Collier, Virginia P},
  journal={Bilingual Research Journal},
  volume={16},
  number={1-2},
  pages={187--212},
  year={1992},
  publisher={Taylor \& Francis}
}

@article{horwitz1986foreign,
  title={Foreign language classroom anxiety},
  author={Horwitz, Elaine K and Horwitz, Michael B and Cope, Joann},
  journal={The modern language journal},
  volume={70},
  number={2},
  pages={125--132},
  year={1986},
  publisher={Wiley Online Library}
}